======================================================================
C O N C R E T E   M O D E L S
======================================================================
@article{AsahinaLandisBolander2011a,
	author = {D. Asahina a, E.N. Landis b, J.E. Bolander},
	title = {Modeling of phase interfaces during pre-critical crack growth in concrete},
	journal = {Cement \& Concrete Composites},
	year = {2011},
	pages = {966-977},
	volume = {33},
}

@article{AzevedoLemosAlmeida2008a,
	author = {N. Monteiro Azevedo and J.V. Lemos and J. Rocha de Almeida},
	title = {Influence of aggregate deformation and contact behaviour on discrete particle modelling of fracture of concrete},
	journal = {Engineering Fracture Mechanics},
	year = {2008},
	pages = {1569--1586},
	volume = {75},
}

@article{CaballeroWillamCarol2008a,
	author = {A. Caballero and K.J. Willam and I. Carol},
	title = {Consistent tangent formulation for 3D interface modeling of cracking/fracture in quasi-brittle materials},
	journal = {Computer Methods in Applied Mechanics and Engineering},
	year = {2008},
	pages = {2804--2822},
	volume = {197},
}

@article{CambordeMariottiDonze2000a,
	author = {F. Camborde and C. Mariotti and F.V. Donzé},
	title = {Numerical study of rock and concrete behaviour by discrete element modelling},
	journal = {Computers and Geotechnics},
	year = {2000},
	pages = {225--247},
	volume = {27},
}

@article{CombypeyrotBernardBouchardBayGarciadiaz2009a,
	author = {Isabelle Comby-Peyrot and Fabrice Bernard and Pierre-Olivier Bouchard and François Bay and Eric Garcia-Diaz},
	title = {Development and validation of a 3D computational tool to describe concrete behaviour at mesoscale. Application to the alkali-silica reaction},
	journal = {Computational Materials Science},
	year = {2009},
	pages = {1163--1177},
	volume = {46},
}

@article{CusatisBazantCedolin2006a,
	author = {Gianluca Cusatis and Zdeněk P. Bažant and Luigi Cedolin},
	title = {Confinement-shear lattice CSL model for fracture propagation in concrete},
	journal = {Computer Methods in Applied Mechanics and Engineering},
	year = {2006},
	pages = {7154--7171},
	volume = {195},
}

@article{CusatisPelessoneMencarelli2011a,
	author = {Gianluca Cusatis and Daniele Pelessone and Andrea Mencarelli},
	title = {Lattice Discrete Particle Model (LDPM) for failure behavior of concrete. {I}: Theory},
	journal = {Cement \& Concrete Composites},
	year = {2011},
	pages = {881--890},
	volume = {33},
}

@article{CusatisMencarelliPelessoneBaylot2011a,
	author = {Gianluca Cusatis and Andrea Mencarelli and Daniele Pelessone and James Baylot},
	title = {Lattice Discrete Particle Model (LDPM) for failure behavior of concrete. {II}: Calibration and validation},
	journal = {Cement \& Concrete Composites},
	year = {2011},
	pages = {891--905},
	volume = {33},
}

@phdthesis{Cusatis2001a,
	author = {Gianluca Cusatis},
	title = {Tridimensional random particle model for concrete},
	year = {2001},
	school = {Polytechnic University of Milan},
}

@article{Garboczi2002a,
	author = {E.J. Garboczi},
	title = {Three-dimensional mathematical analysis of particle shape using X-ray tomography and spherical harmonics: Application to aggregates used in concrete},
	journal = {Cement and Concrete Research},
	year = {2002},
	pages = {1621--1638},
	volume = {32},
}

@article{GhoshChaudhuri2013a,
	author = {A Ghosh and P Chaudhuri},
	title = {Computational modeling of fracture in concrete using a meshfree meso-macro-multiscale method},
	journal = {Computational Materials Science},
	year = {2013},
	pages = {204--215},
	volume = {69},
}

@article{GrasslJirasek2006a,
	author = {Peter Grassl and Milan Jirásek},
	title = {Damage-plastic model for concrete failure},
	journal = {International Journal of Solids and Structures},
	year = {2006},
	pages = {7166--7196},
	volume = {43},
}

@article{GrasslJirasek2010a,
	author = {Peter Grassl and Milan Jirásek},
	title = {Meso-scale approach to modelling the fracture process zone of concrete subjected to uniaxial tension},
	journal = {International Journal of Solids and Structures},
	year = {2010},
	pages = {957--968},
	volume = {47},
}

@article{GrasslRempling2008a,
	author = {Peter Grassl and Rasmus Rempling},
	title = {A damage-plasticity interface approach to the meso-scale modelling of concrete subjected to cyclic compressive loading},
	journal = {Engineering Fracture Mechanics},
	year = {2008},
	pages = {4804--4818},
	volume = {75},
}

@article{GrohKonietzkyWalterHerbst2011a,
	author = {U. Groh and H. Konietzky and K. Walter and M. Herbst},
	title = {Damage simulation of brittle heterogeneous materials at the grain size level},
	journal = {Theoretical and Applied Fracture Mechanics},
	year = {2011},
	pages = {31--38},
	volume = {55},
}

@article{GuHongWangLin2013a,
	author = {Xianglin Gu and Li Hong and Zhuolin Wang and Feng Lin},
	title = {A modified rigid-body-spring concrete model for prediction of initial defects and aggregates distribution effect on behavior of concrete},
	journal = {Computational Materials Science},
	year = {2013},
	pages = {355--365},
	volume = {77},
}

@article{HafnerEckardtLutherKonke2006a,
	author = {Stefan Häfner and Stefan Eckardt and Torsten Luther and Carsten Könke},
	title = {Mesoscale modeling of concrete: Geometry and numerics},
	journal = {Computers and Structures},
	year = {2006},
	pages = {450--461},
	volume = {84},
}

@article{HentzDonzeDaudeville2004a,
	author = {Sébastien Hentz and Frédéric V. Donzé and Laurent Daudeville},
	title = {Discrete element modelling of concrete submitted to dynamic loading at high strain rates},
	journal = {Computers and Structures},
	year = {2004},
	pages = {2509--2524},
	volume = {82},
}

@article{IbrahimbegovicDelaplace2003a,
	author = {Adnan Ibrahimbegovic and Arnaud Delaplace},
	title = {Microscale and mesoscale discrete models for dynamic fracture of structures built of brittle material},
	journal = {Computers and Structures},
	year = {2003},
	pages = {1255--1265},
	volume = {81},
}

@article{KimAlrub2011a,
	author = {Sun-Myung Kim and Rashid K. Abu Al-Rub},
	title = {Meso-scale computational modeling of the plastic-damage response of cementitious composites},
	journal = {Cement and Concrete Research},
	year = {2011},
	pages = {339--358},
	volume = {41},
}

@phdthesis{Kozicki2007a,
	author = {Jan Kozicky},
	title = {Application of Discrete Models to Describe the Fracture Process in Brittle Materials},
	year = {2007},
	school = {Gdańsk University of Technology}
}

@article{KwanWangChan1999b,
	author = {A.K.H. Kwan and Z.M. Wang and H.C. Chan},
	title = {Mesoscopic study of concrete {II}: nonlinear Finite element analysis},
	journal = {Computers and Structures},
	year = {1999},
	pages = {545--556},
	volume = {70},
}

@article{WangKwanChan1999a,
	author = {Z.M. Wang and A.K.H. Kwan and H.C. Chan},
	title = {Mesoscopic study of concrete {I}: generation of random aggregate structure and finite element mesh},
	journal = {Computers and Structures},
	year = {1999},
	pages = {533--544},
	volume = {70},
}

@article{LambertBuzziGiacomini2010a,
	author = {C. Lambert and O. Buzzi bnd A. Giacomini},
	title = {Influence of calcium leaching on the mechanical behavior of a rock--mortar interface: A DEM analysis},
	journal = {Computers and Geotechnics},
	year = {2010},
	pages = {258--266},
	volume = {37},
}

@article{LandisBolander2009a,
	author = {E N Landis1,3 and J E Bolander},
	title = {Explicit representation of physical processes in concrete fracture},
	journal = {Journal of Physics D: Applied Physics},
	year = {2009},
	volume = {42},
	number = {21},
}

@article{LeiteSlowikApel2007a,
	author = {J.P.B. Leite and V. Slowik and J. Apel},
	title = {Computational model of mesoscopic structure of concrete for simulation of fracture processes},
	journal = {Computers and Structures},
	year = {2007},
	pages = {1239--1303},
	volume = {85},
}

@article{LeiteSlowikMihashi2004a,
	author = {J.P.B. Leite and V. Slowik and H. Mihashi},
	title = {Computer simulation of fracture processes of concrete using mesolevel models of lattice structures},
	journal = {Cement and Concrete Research},
	year = {2004},
	pages = {1025--1033},
	volume = {34},
}

@article{LiuZhaoYun2011a,
	author = {Jun Liu and ChangBing Zhao and Bin Yun},
	title = {Numerical study on explosion-induced fractures of reinforced concrete structure by beam-particle model},
	journal = {Science China Technological Sciences},
	year = {2011},
	pages = {412--419},
	volume = {54},
}

@article{MagnierDonze1998a,
	author = {S. A. Magnier and F. V. Donzé},
	title = {Numerical simulations of impacts using a discrete element method},
	journal = {Mechanics of Cohesive-frictional Materials},
	year = {1998},
	pages = {257--276},
	volume = {3},
}

@phdthesis{Marangi2010a,
	author = {Pietro Marangi},
	title = {Computational modeling of fiber reinforced concrete with application to projectile penetration},
	year = {2010},
	school = {University of Bologna},
}

@article{MaWangRen2011a,
	author = {G.W. Ma and X.J. Wang and F. Ren},
	title = {Numerical simulation of compressive failure of heterogeneous rock-like materials using SPH method},
	journal = {International Journal of Rock Mechanics \& Mining Sciences},
	year = {2011},
	pages = {353--363},
	volume = {48},
}

@article{MunguleRaghuprasad2011a,
	author = {Mahesh Mungule and B K Raghuprasad},
	title = {Meso-scale studies in fracture of concrete: A numerical simulation},
	journal = {Computers and Structures},
	year = {2011},
	pages = {912--920},
	volume = {89},
}

@article{NeubauerLenningsGarboczi1996a,
	author = {C. M. Neubauer and H. M. Lennings and E. J. Garboczi},
	title = {A Three-Phase Model of the Elastic and Shrinkage Properties of Mortar},
	journal = {Advanced Cement Based Materials},
	year = {1996},
	pages = {6--20},
	volume = {4},
}

@article{OzboltSharma2012a,
	author = {Joško Ožbolt and Akanshu Sharma},
	title = {Numerical simulation of dynamic fracture of concrete through uniaxial tension and L-specimen},
	journal = {Engineering Fracture Mechanics},
	year = {2012},
	pages = {88--102},
	volume = {85},
}

@article{PanFengJinXuSunZhangOwen2013a,
	author = {Jianwen Pan and Y. T. Feng and Feng Jin and Yanjie Xu and Qicheng Sun and Chuhan Zhang and D. R. J. Owen},
	title = {Meso-scale particle modeling of concrete deterioration caused by alkali-aggregate reaction},
	journal = {International Journal for Numerical and Analytical Methods in Geomechanics},
	year = {2013},
	pages = {2690--2705},
	volume = {37},
}

@article{PedersenSimoneSluys2013a,
	author = {R.R. Pedersen and A. Simone and L.J. Sluys},
	title = {Mesoscopic modeling and simulation of the dynamic tensile behavior of concrete},
	journal = {Cement and Concrete Research},
	year = {2013},
	pages = {74--87},
	volume = {50},
}

@article{PradoMier2003a,
	author = {E.P. Prado and J.G.M. van Mier},
	title = {Effect of particle structure on mode I fracture process in concrete},
	journal = {Engineering Fracture Mechanics},
	year = {2003},
	pages = {1793--1807},
	volume = {70},
}

@article{QinZhang2011a,
	author = {Chuan Qin and Chuhan Zhang},
	title = {Numerical study of dynamic behavior of concrete by meso-scale particle element modeling},
	journal = {International Journal of Impact Engineering},
	year = {2011},
	pages = {1011--1021},
	volume = {38},
}

@article{SatohYamadaIshiyama2013a,
	author = {Ayumi Satoh and Kanji Yamada and Satoru Ishiyama},
	title = {Simplified two-dimensional mesoscopic model for evaluating mechanical properties and crack paths near interfaces in concrete},
	journal = {Engineering Fracture Mechanics},
	year = {2013},
	pages = {6--20},
	volume = {4},
}

@article{ShahbeykHosseiniYaghoobi2011a,
	author = {Sharif Shahbeyk and Morteza Hosseini and Mohammadreza Yaghoobi},
	title = {Mesoscale finite element prediction of concrete failure},
	journal = {Computational Materials Science},
	year = {2011},
	pages = {1973--1990},
	volume = {50},
}

@phdthesis{Smilauer2010a,
	author = {Václav Šmilauer},
	title = {Cohesive particle model using the discrete element method on the {Y}ade platform},
	year = {2010},
	school = {Czech Tecnical University in Prague},
	key = {szzzz},
}

@article{SnozziGatuingtMolinari2012a,
	author = {L. Snozzi and F. Gatuingt and J. F. Molinari},
	title = {A meso-mechanical model for concrete under dynamic tensile and compressive loading},
	journal = {International Journal of Fracture},
	year = {2012},
	pages = {179--194},
	volume = {178},
}

@article{TangZhangShi2008,
	author = {Xin Wei Tang and Chu Han Zhang and Jian Jun Shi},
	title = {A multiphase mesostructure mechanics approach to the study of the fracture-damage behavior of concrete},
	journal = {Science in China Series E: Technological Sciences},
	year = {2008},
	pages = {8--24},
	volume = {51},
}

@article{TranDonzeMarin2011a,
	author = {V T Tran and Frédéric Victor Donzé and P Marin},
	title = {A discrete element model of concrete under high triaxial loading},
	journal = {Cement \& Concrete Composites},
	year = {2011},
	pages = {936--948},
	volume = {33},
}

@article{TreggerCorrGrahambradyShah2006a,
	author = {Nathan Tregger and David Corr and Lori Graham-Brady and Surendra Shah},
	title = {Modeling the effect of mesoscale randomness on concrete fracture},
	journal = {Probabilistic Engineering Mechanics},
	year = {2006},
	pages = {217-225},
	volume = {21},
}

@article{ValentiniHofstetter2013a,
	author = {B Valentini and Günter Hofstetter},
	title = {Review and enhancement of 3D concrete models for large-scale numerical simulations of concrete structures},
	journal = {International Journal for Numerical and Analytical Methods in Geomechanics},
	year = {2013},
	pages = {221--246},
	volume = {37},
	number = {3},
}

@article{WangLinGu2008a,
	author = {Zhuolin Wang and Feng Lin and Xianglin Gu},
	title = {Numerical Simulation of Failure Process of Concrete Under Compression Based on Mesoscopic Discrete Element Model},
	journal = {Tsinghua Science And Technology},
	year = {2008},
	pages = {19--25},
	volume = {13},
	number = {S1},
}

@article{WriggersMoftah2006,
	author = {Peter Wriggers and S.O. Moftah},
	title = {Mesoscale models for concrete: Homogenisation and damage behaviour},
	journal = {Finite Elements in Analysis and Design},
	year = {2006},
	pages = {623--636},
	volume = {42},
}

@article{XuHaoLi2012a,
	author = {Z. Xu and H. Hao and H.N. Li},
	title = {Mesoscale modelling of fibre reinforced concrete material under compressive impact loading},
	journal = {Construction and Building Materials},
	year = {2012},
	pages = {274--288},
	volume = {26},
}

@article{YipLiLiaoBolander2006a,
	author = {Mien Yip and Zhen Li and Ben-Shan Liao and J.E. Bolander},
	title = {Irregular lattice models of fracture of multiphase particulate materials},
	journal = {International Journal of Fracture},
	year = {2006},
	pages = {113--124},
	volume = {140},
}

@article{ZhouHao2009a,
	author = {X.Q. Zhou and H. Hao},
	title = {Mesoscale modelling and analysis of damage and fragmentation of concrete slab under contact detonation},
	journal = {International Journal of Impact Engineering},
	year = {2009},
	pages = {1315--1326},
	volume = {36},
}

@article{ZhouHao2008a,
	author = {X.Q. Zhou and H. Hao},
	title = {Mesoscale modelling of concrete tensile failure mechanism at high strain rates},
	journal = {Computers and Structures},
	year = {2008},
	pages = {2013--2026},
	volume = {86},
}

@article{ZhouHao2008b,
	author = {X.Q. Zhou and H. Hao},
	title = {Modelling of compressive behaviour of concrete-like materials at high strain rate},
	journal = {International Journal of Solids and Structures},
	year = {2008},
	pages = {4648--4661},
	volume = {45},
}

@article{ZhuTang2002a,
	author = {W.C. Zhu and C.A. Tang},
	title = {Numerical simulation on shear fracture process of concrete using mesoscopic mechanical model},
	journal = {Construction and Building Materials},
	year = {2002},
	pages = {453--463},
	volume = {16},
}


======================================================================
C O N C R E T E   E X P E R I M E N T S
======================================================================
@article{AkcaogluTokyayCelik2005a,
	author = {Tülin Akçaoğlu and Mustafa Tokyay and Tahir Çelik},
	title = {Assessing the ITZ microcracking via scanning electron microscope and its effect on the failure behavior of concrete},
	journal = {Cement and Concrete Research},
	year = {2005},
	pages = {358--363},
	volume = {35},
}

@article{AkcaogluTokyayCelik2004a,
	author = {Tülin Akçaoğlu and Mustafa Tokyay and Tahir Çelik},
	title = {Effect of coarse aggregate size and matrix quality on ITZ and failure behavior of concrete under uniaxial compression},
	journal = {Cement \& Concrete Composites},
	year = {2004},
	pages = {633--638},
	volume = {26},
}

@article{AkcaogluTokyayCelik2002a,
	author = {Tülin Akçaoğlu and Mustafa Tokyay and Tahir Çelik},
	title = {Effect of coarse aggregate size on interfacial cracking under uniaxial compression},
	journal = {Materials Letters},
	year = {2002},
	pages = {828--833},
	volume = {57},
}

@article{BeygiEtAl2014a,
	author = {Morteza H A Beygi and Mohammad Taghi Kazemi and Javad Vaseghi Amiri and Iman M Nikbin and Saeed Rabbanifar and Ebrahim Rahmani},
	title = {Evaluation of the effect of maximum aggregate size on fracture behavior of self compacting concrete},
	journal = {Construction and Building Materials},
	year = {2014},
	pages = {202--211},
	volume = {55},
}

@article{BeygiEtAl2014b,
	author = {Morteza H A Beygi and Mohammad Taghi Kazemi and Iman M Nikbin and Javad Vaseghi Amiri and Saeed Rabbanifar and Ebrahim Rahmani},
	title = {The influence of coarse aggregate size and volume on the fracture behavior and brittleness of self-compacting concrete},
	journal = {Cement and Concrete Research},
	year = {2014},
	pages = {75--90},
	volume = {66},
}

@article{BuyukozturkHearing1998,
	author = {Oral Buyukozturk and Brian Hearing},
	title = {Crack Propagation in Concrete Composites Influenced by Interface Fracture Parameters},
	journal = {International Journal of Solids and Structures},
	year = {1998},
	pages = {4055--4066},
	volume = {35},
	number = {31--23},
}

@article{ElicesRocco2008a,
	author = {M Elices and G G Rocco},
	title = {Effect of aggregate size on the fracture and mechanical properties of a simple concrete},
	journal = {Engineering Fracture Mechanics},
	year = {2008},
	pages = {3839--3851},
	volume = {75},
}

@article{ErdemDawsonThom2012a,
	author = {Savaş Erdem and Andrew Robert Dawson and Nicholas Howard Thom},
	title = {Influence of the micro- and nanoscale local mechanical properties of the interfacial transition zone on impact behavior of concrete made with different aggregates},
	journal = {Cement and Concrete Research},
	year = {2012},
	pages = {447--458},
	volume = {42},
}

@article{GiaccioZerbino1998a,
	author = {G Giaccio and R Zerbino},
	title = {Failure Mechanism of Concrete. Combined Effects of Coarse Aggregates and Strength Level},
	journal = {Advanced Cement Based Materials},
	year = {1998},
	pages = {14--48},
	volume = {7},
}

@article{GiaccioZerbinoPonceBatic2008a,
	author = {G Giaccio and R Zerbino and J M Ponce and O R Batic},
	title = {Mechanical behavior of concretes damaged by alkali-silica reaction},
	journal = {Cement and Concrete Research},
	year = {2008},
	pages = {993--1004},
	volume = {38},
}

@article{NikbinEtAl2014a,
	author = {I M Nikbin and M H A Beygi and M T Kazemi and J Vaseghi Amiri and E Rahmani and S Rabbanifar and M Eslami},
	title = {A comprehensive investigation into the effect of aging and coarse aggregate size and volume on mechanical properties of self-compacting concrete},
	journal = {Materials and Design},
	year = {2014},
	pages = {199--210},
	volume = {59},
}

@book{Neville2012,
	title={Properties of Concrete},
	author={A M Neville},
	publisher={Trans-Atlantic Publications, Inc.},
	year={2012},
	month={9},
	edition={5},
	isbn={978-0-273-75580-7},
}

@article{RaoPrasad2002a,
	author = {G. Appa Rao and B.K. Raghu Prasad},
	title = {Influence of the roughness of aggregate surface on the interface bond strength},
	journal = {Cement and Concrete Research},
	year = {2002},
	pages = {253--257},
	volume = {32},
}


======================================================================
D E M
======================================================================
@article{CundallStrack1979a,
	author = {Peter A. Cundall and Otto D. L. Strack},
	title = {A Discrete Numerical Model for Granular Assemblies},
	journal = {Géotechnique},
	volume = {29},
	number = {1},
	pages = {47--65},
	year = {1979},
}

@article{JerierRichefeuImbaultDonze2010a,
	author = {Jean-François Jerier and Vincent Richefeu and Didier Imbault and Fréderic-Victor Donzé},
	title = {Packing spherical discrete elements for large scale simulations},
	journal = {Computer Methods in Applied Mechanics and Engineering},
	year = {2010},
	pages = {1668--1676},
	volume = {199},
}

@conference{StranskyJirasek2011,
	author = {Jan Stránský and Milan Jirásek},
	title = {Calibration of particle-based models using cells with periodic boundary conditions},
	booktitle = {Particle-based Methods II - Fundamentals and Applications},
	year = {2011},
	editor = {E O\~nate and D R J Owen},
	publisher = {CIMNE},
	address = {Barcelona, Spain},
	pages = {274--285},
}

@article{MunjizaAndrews1998a,
	author = {Antonio A. Munjiza and K. R. F. Andrews},
	title = {{NBS} contact detection algorithm for bodies of similar size},
	journal = {International Journal for Numerical Methods in Engineering},
	year = {1998},
	pages = {131--149},
	volume = {43},
}


======================================================================
D I S C R E T E   S T R E S S
======================================================================
@article{Alonsoarroquin2011a,
	author = {Fernando Alonso-Marroquin},
	title = {Static equations of the Cosserat continuum derived from intra-granular stresses},
	journal = {Granular matter},
	year = {2011},
	pages = {189--196},
	volume = {13},
}

@article{Bagi2003a,
	author = {Katalin Bagi},
	title = {Discussion on ``The asymmetry of stress in granular media''},
	journal = {International Journal of Solids and Structures},
	year = {2003},
	pages = {1329--1331},
	volume = {40},
}

@article{Bagi1996a,
	author = {Katalin Bagi},
	title = {Stress and strain in granular assemblies},
	journal = {Mechanics of Materials},
	year = {1996},
	pages = {165--177},
	volume = {22},
}

@article{BardetVardoulakis2003a,
	author = {Jean-Pierre Bardet and Ioannis Vardoulakis},
	title = {Reply to discussion by Dr. Katalin Bagi},
	journal = {International Journal of Solids and Structures},
	year = {2003},
	pages = {1035},
	volume = {40},
}

@article{BardetVardoulakis2003b,
	author = {Jean-Pierre Bardet and Ioannis Vardoulakis},
	title = {Reply to Dr. Kuhn’s discussion},
	journal = {International Journal of Solids and Structures},
	year = {2003},
	pages = {1809},
	volume = {40},
}

@article{BardetVardoulakis2001a,
	author = {Jean-Pierre Bardet and Ioannis Vardoulakis},
	title = {The asymmetry of stress in granular media},
	journal = {International Journal of Solids and Structures},
	year = {2001},
	pages = {353--367},
	volume = {38},
	number = {2},
}

@article{ChangKuhn2005a,
	author = {Ching S. Chang and Matthew R. Kuhn},
	title = {On virtual work and stress in granular media},
	journal = {International Journal of Solids and Structures},
	year = {2005},
	pages = {3773--3793},
	volume = {42},
}

@article{EhlersVolk1999a,
	author = {Wolfgang Ehlers and Wolfram Volk},
	title = {Localization Phenomena in Liquid-Saturated and Empty Porous Solids},
	journal = {Transport in Porous Media},
	year = {1999},
	pages = {159--177},
	volume = {34},
}

@InProceedings{KuhlDAddettaLeukartRamm2001a,
	author = {Ellen Kuhl and Gian Antonio D'Addetta and Michael Leukart and Ekkehard Ramm},
	title = {Microplane modelling and particle modelling of cohesive-frictional materials},
	booktitle = {Continuous and Discontinuous Modelling of Cohesive-Frictional Materials},
	publisher = {Springer Berlin / Heidelberg},
	volume = {568},
	series = {Lecture Notes in Physics},
	year = {2001},
	pages = {31--46},
}

@article{Kuhn2003a,
	author = {Matthew R. Kuhn},
	title = {Discussion on ``The asymmetry of stress in granular media''},
	journal = {International Journal of Solids and Structures},
	year = {2003},
	pages = {1805--1807},
	volume = {40},
}

@book{Love1927a,
	author = {Augustus Edward Hough Love},
	title = {A Treatise on the Mathematical Theory of Elasticity (4th ed.)},
	publisher = {Cambridge, University press},
	year = {1927},
}

@misc{Vardoulakis2009a,
	author = {Ioannis Vardoulakis},
	title = {Lecture notes on Cosserat continuum mechanics with application to the mechanics of granular media},
	year = {2009},
	month = {January},
	note = {3rd National Meeting on “Generalized Continuum Theories and Applications”
	Thessaloniki},
	url = {http://geolab.mechan.ntua.gr/teaching/lectnotes/CCM2009.pdf},
}

@article{Cosserat1896,
	author = {Eugène Cosserat and François Cosserat},
	title = {Sur la théorie de l'élasticité. Premier mémoire},
	journal = {Annales de la Faculté des sciences de Toulouse : Mathématiques},
	year = {1896},
	volume = {10},
	number = {3-4},
	pages = {I1-I116},
}


======================================================================
F E M   D E M   C O U P L I N G
======================================================================
@book{Munjiza2004a,
	author = {Antonio Munjiza},
	title = {The combined finite-discrete element method},
	publisher = {Wiley, Chichester},
	year = {2004},
}

@article{OnateRojek2004a,
	author = {E Onate and J Rojek},
	title = {Combination of discrete element and finite element methods for dynamic analysis of geomechanics problems},
	journal = {Computer Methods in Applied Mechanics and Engineering},
	year = {2004},
	pages = {3087--3128},
	volume = {139},
}

@article{Fakhimi2009a,
	author = {Ali Fakhimi},
	title = {A hybrid discrete--finite element model for numerical simulation of geomaterials},
	journal = {Computers and Geotechnics},
	year = {2009},
	pages = {386--395},
	volume = {36},
}

@article{AzevedoLemos2006a,
	author = {N Monteiro Azevedo and J V Lemos},
	title = {Hybrid discrete element/finite element method for fracture analysis},
	journal = {Computer Methods in Applied Mechanics and Engineering},
	year = {2006},
	pages = {4579--4593},
	volume = {195},
}

@article{GeersKouznetsovaBrekelmans2010a,
	author = {M G D Geers and V G Kouznetsova and W A M Brekelmans},
	title = {Multi-scale computational homogenization: Trends and challenges},
	journal = {Journal of Computational and Applied Mathematics},
	year = {2010},
	pages = {2175--2182},
	volume = {234},
}

@article{RojekOnate2007a,
	author = {J Rojek and E Onate},
	title = {Multiscale analysis using a coupled discrete/finite element model},
	journal = {Interaction and Multiscale Mechanics},
	year = {2007},
	pages = {1--31},
	volume = {1},
}

@article{NakashimaOida2004a,
	author = {H Nakashima and A Oida},
	title = {Algorithm and implementation of soil–tire contact analysis code based on dynamic FE–DE method},
	journal = {Journal of Terramechanics},
	year = {2004},
	pages = {127--137},
	volume = {41},
}

@article{RousseauFranginMarinDaudville2009a,
	author = {J Rousseau and E Frangin and P Marin and L Daudville},
	title = {Multidomain finite and discrete elements method for impact analysis of a concrete structure},
	journal = {Engineering Structures},
	year = {2009},
	pages = {2735--2743},
	volume = {31},
}

@article{VillardChevalierLeHelloCombe2009a,
	author = {P Villard and B Chevalier and B Le Hello and G Combe},
	title = {Coupling between finite and discrete element methods for the modelling of earth structures reinforced by geosynthetic},
	journal = {Computers and Geotechnics},
	year = {2009},
	pages = {709--717},
	volume = {36},
}

@article{WellmannWriggers2012a,
	author = {C Wellmann and P Wriggers},
	title = {A two-scale model of granular materials},
	journal = {Computer Methods in Applied Mechanics and Engineering},
	year = {2012},
	pages = {46--58},
	volume = {205--208},
}

@article{Frenning2008a,
	author = {Göran Frenning},
	title = {An efficient finite/discrete element procedure for simulating compression of 3D particle assemblies},
	journal = {Computer Methods in Applied Mechanics and Engineering},
	year = {2008},
	pages = {4266--4272},
	volume = {197},
}

@inbook{XuGracieBelytschko2002a,
	author = {M Xu and R Gracie and Ted Belytschko},
	editor = {J Fish},
	chapter = {Multiscale modeling with extended bridging domain method},
	title = {Bridging the Scales in Science and Engineering},
	publisher = {Oxford University Press},
	year = {2002},
}


======================================================================
R O C K
======================================================================
@article{ErgenzingerSeifriedEberhard2012a,
	author = {Christian Ergenzinger and Robert Seifried and Peter Eberhard},
	title = {A discrete element model predicting the strength of ballast stones},
	journal = {Computers and Structures},
	volume = {108--109},
	year = {2012},
	pages = {3--13},
}

@article{HuangLecampionDetournay2013a,
	author = {Haiying Huang and B. Lecampion and Emmanuel Detournay},
	title = {Discrete element modeling of tool-rock interaction I: rock cutting},
	journal = {International Journal for Numerical and Analytical Methods in Geomechanics},
	volume = {37},
	year = {2013},
	pages = {1913--1929},
}

@article{ChoMartinSego2007a,
	author = {N. Cho and C.D. Martin and D.C. Sego},
	title = {A clumped particle model for rock},
	journal = {International Journal of Rock Mechanics \& Mining Sciences},
	volume = {44},
	year = {2007},
	pages = {997--1010},
}

@article{NardinSchrefler2004a,
	author = {Alessio Nardin and Bernhard A. Schrefler},
	title = {Numerical simulation of rock behaviour through a discrete model},
	journal = {International Journal of Solids and Structures},
	volume = {41},
	year = {2004},
	pages = {5945--5965},
}

@article{PotyondyCundall2004a,
	author = {D.O. Potyondya and P.A. Cundall},
	title = {A bonded-particle model for rock},
	journal = {International Journal of Rock Mechanics \& Mining Sciences},
	volume = {41},
	year = {2004},
	pages = {1329--1364},
}

@article{RojekOnateCarlosKargl2011a,
	author = {Jerzy Rojek and Eugenio Onñate and Carlos Labra and Hubert Kargl},
	title = {Discrete element simulation of rock cutting},
	journal = {International Journal of Rock Mechanics \& Mining Sciences},
	volume = {48},
	year = {2011},
	pages = {996--1010},
}

@article{ScholtesDonze2013a,
	author = {Luc Scholtés and Frédeéric-Victor Donzé},
	title = {A DEM model for soft and hard rocks: Role of grain interlocking on strength},
	journal = {Journal of the Mechanics and Physics of Solids},
	volume = {61},
	year = {2013},
	pages = {352--369},
}

@article{ScholtesDonze2012a,
	author = {Luc Scholtées a, Frédéric-Victor Donzé},
	title = {Modelling progressive failure in fractured rock masses using a 3D discrete element method},
	journal = {International Journal of Rock Mechanics \& Mining Sciences},
	volume = {52},
	year = {2012},
	pages = {18--30},
}

@article{TangXuaKoucLindqvistcLiu2001a,
	author = {C.A. Tang and X.H. Xua and S.Q. Kouc and P.-A. Lindqvistc and H.Y. Liu},
	title = {Numerical investigation of particle breakage as applied to mechanical crushing---Part I: Single-particle breakage},
	journal = {International Journal of Rock Mechanics \& Mining Sciences},
	volume = {38},
	year = {2001},
	pages = {1147--1162},
}

@article{WangTonon2009a,
	author = {Yuannian Wang and Fulvio Tonon},
	title = {Modeling {L}ac du {B}onnet granite using a discrete element model},
	journal = {International Journal of Rock Mechanics \& Mining Sciences},
	volume = {46},
	year = {2009},
	pages = {1124--1135},
}


======================================================================
O T H E R
======================================================================
@article{Rypl2010a,
	author = {Daniel Rypl},
	title = {Using the spherical harmonic analysis and the advancing front technique for the discretization of 3D aggregate particles},
	journal = {Advances in Engineering Software},
	year = {2010},
	pages = {38--45},
	volume = {41},
}

@article{TorquatoTruskettDebenedetti2000a,
	author = {Salvatore Torquato and Thomas M Truskett and Pablo G Debenedetti},
	title = {Is random close packing of spheres well defined?},
	journal = {Physical Review Letters},
	year = {2000},
	pages = {2064--2067},
	volume = {84},
	number = {10},
}


======================================================================
S O F T W A R E
======================================================================
@article{PatzakBittnar2001a,
	author = {Bořek Patzák and Zdeněk Bittnar},
	title = {Design of object oriented finite element code},
	journal = {Advances in Engineering Software},
	volume = {32},
	number = {10--11},
	year = {2001},
	pages = {759--767},
}

@misc{yadeWWW,
	author = {Václav Šmilauer},
	title = {YADE project home page},
	url = {http://www.yade-dem.org},
	year = {2018},
	key = {szzzz},
}

@misc{oofemWWW,
	author = {Bořek Patzák},
	title = {OOFEM project home page},
	url = {http://www.oofem.org},
	year = {2018},
}
