######################################################################
C O N F E R E N C E S
######################################################################
======================================================================
Nano and Macro Mechanics
======================================================================
@conference{StranskyNMM2010,
	author = {Jan Stránský and Milan Jirásek and Václav Šmilauer},
	title = {Macroscopic Properties of Particle Models: Uniaxial Tension},
	booktitle = {Nano and Macro Mechanics 2010},
	year = {2010},
	address = {Prague, Czech Republic},
}

@conference{StranskyNMM2011,
	author = {Jan Stránský and Milan Jirásek},
	title = {Inelastic Calibration of Particle Models using Cells with Periodic Boundary Conditions},
	booktitle = {Nano and Macro Mechanics 2011},
	year = {2011},
	address = {Prague, Czech Republic},
}

@conference{StranskyNMM2012,
	author = {Jan Stránský and Milan Jirásek},
	title = {Review on evaluation fo equivalent stress tensor in the discrete element method},
	booktitle = {Nano and Macro Mechanics 2012},
	year = {2012},
	address = {Prague, Czech Republic},
}

@conference{StranskyNMM2013,
	author = {Jan Stránský and Milan Jirásek},
	title = {Localization Analysis of a Discrete Element Periodic Cell},
	booktitle = {Nano and Macro Mechanics 2013},
	year = {2013},
	address = {Prague, Czech Republic},
}

@conference{StranskyNMM2014,
	author = {Jan Stránský},
	title = {Stochastic Wang tiles generation using DEM and YADE software},
	booktitle = {Nano and Macro Mechanics 2014},
	year = {2014},
	address = {Prague, Czech Republic},
}

@conference{StranskyNMM2015,
	author = {Jan Stránský and Martin Doškář},
	title = {Comparison of DEM-based Wang tilings and PUC},
	booktitle = {Nano and Macro Mechanics 2015},
	year = {2015},
	address = {Prague, Czech Republic},
}

======================================================================
Engineering Mechanics
======================================================================
@conference{StranskyEngMech2011,
	author = {Jan Stránský and Milan Jirásek},
	title = {Modeling of dynamic fragmentation: one-dimensional case},
	booktitle = {Engineering Mechanics 2011},
	year = {2011},
	address = {Svratka, Czech Republic},
}

@conference{StranskyEngMech2012,
	author = {Jan Stránský and Milan Jirásek},
	title = {Open Source {FEM}-{DEM} Coupling},
	booktitle = {Engineering Mechanics 2012},
	year = {2012},
	address = {Svratka, Czech Republic},
}

@conference{StranskyEngMech2013,
	author = {Jan Stránský},
	title = {{FEM} - {DEM} Coupling and {MuPIF} Framework},
	booktitle = {Engineering Mechanics 2013},
	year = {2013},
	address = {Svratka, Czech Republic},
}

@conference{StranskyEngMech2014,
	author = {Jan Stránský},
	title = {Combination of {FEM} and {DEM} with Application to Railway Ballast-Sleeper Interaction},
	booktitle = {Engineering Mechanics 2014},
	year = {2014},
	address = {Svratka, Czech Republic},
}

@conference{StranskyEngMech2015,
	author = {Jan Stránský and Martin Doškář},
	title = {Stochastic {W}ang tiles generation using the discrete element method},
	booktitle = {Engineering Mechanics 2015},
	year = {2015},
	address = {Svratka, Czech Republic},
}

======================================================================
Juniorstav
======================================================================
@conference{StranskyJuniorstav2012,
	author = {Jan Stránský},
	title = {{JSMech} - JavaScriptová knihovna pro snadné modelování, výpočet a zobrazování úloh stavební mechaniky},
	booktitle = {Juniorstav 2012},
	year = {2012},
	address = {Brno, Czech Republic},
}

@conference{StranskyJuniorstav2014,
	author = {Jan Stránský},
	title = {Kombinace {MDP} a {MKP} pro modelování interakce mezi železničním pražcem a podložím},
	booktitle = {Juniorstav 2014},
	year = {2014},
	address = {Brno, Czech Republic},
}

======================================================================
Particles
======================================================================
@conference{StranskyParticles2011,
	author = {Jan Stránský and Milan Jirásek},
	title = {Calibration of Particle Models using Cells with Periodic Boundary Conditions},
	booktitle = {Particles 2011},
	year = {2011},
	address = {Barcelona, Spain},
}

@conference{StranskyParticles2013,
	author = {Jan Stránský},
	title = {Open Source {DEM}-{FEM} Coupling},
	booktitle = {Particles 2013},
	year = {2013},
	address = {Stuttgart, Germany},
}

======================================================================
Other
======================================================================
@conference{StranskyModelingAndSimulation2010,
	author = {Jan Stránský and Milan Jirásek and Václav Šmilauer},
	title = {Macroscopic Elastic Properties of Particle Models},
	booktitle = {Modelling and Simulation 2010},
	year = {2010},
	address = {Prague, Czech Republic},
}


######################################################################
J O U R N A L S
######################################################################
@article{StranskyMicromachines2011,
	author = {Jan Stránský and Jan Vorel and Jan Zeman and Michal Šejnoha},
	title = {{M}ori-{T}anaka Based Estimates of Effective Thermal Conductivity of Various Engineering Materials},
	journal = {Micromachines},
	year = {2011},
	pages = {129--149},
	volume = {2},
}

@Preamble{ " \newcommand{\noop}[1]{} " }
@article{SongHuangShuStranskyWuSubmitted,
	author = {Weimin Song and Baoshan Huang and Xiang Shu and Jan Stránský and Hao Wu},
	title = {Interaction between railroad ballast and sleeper: a DEM-FEM approach},
	year = {submitted},
	journal = {International Journal of Geomechanics},
	key = {3001},
}


######################################################################
S O F T W A R E
######################################################################
@incollection{yade2015,
	author = {Václav Šmilauer and Emanuele Catalano and Bruno Chareyre and Sergei Dorofeenko and Jérôme Duriez and Nolan Dyck and Jan Eliáš and Burak Er and Alexander Eulitz and Anton Gladky and Christian Jakob and François Kneib and Janek Kozicki and Donia Marzougui and Raphaël Maurin and Chiara Modenese and Luc Scholtès and Luc Sibille and Jan Stránský and Thomas Sweijen and Klaus Thoeni and Chao Yuan},
	booktitle = {{Y}ade {D}ocumentation 2nd ed},
	note = {http://yade-dem.org/doc/},
	publisher = {The {Y}ade Project},
	title = {Reference Manual},
	year = {2015},
	doi = {10.5281/zenodo.34045},
	key = {szzz},
}

@incollection{yade2010,
	author = {Václav Šmilauer and Emanuele Catalano and Bruno Chareyre and Sergei Dorofeenko and Jérôme Duriez and Anton Gladky and Janek Kozicki and Chiara Modenese and Luc Scholtès and Lus Sibille and Jan Stránský and Klaus Thoeni},
	booktitle = {{Y}ade {D}ocumentation 2nd ed},
	publisher = {The {Y}ade Project},
	editor = {Václav Šmilauer},
	year = {2010},
	note = {http://yade-dem.org/doc/},
	key = {szzz},
}

@misc{edubeamManual2015,
	author = {Bořek Patzák and Vít Šmilauer and Jan Stránský},
	title = {Program {EduBeam}, Uživatelský manuál},
	url = {http://mech.fsv.cvut.cz/svn/EduBeam/trunk/userGuide/EduBeam-userGuide.pdf},
	year = {2015},
	month = {March},
}
